@article{quiban2020churning,
  title={Churning losses of spiral bevel gears at high rotational speed},
  author={Quiban, R and Changenet, C and Marchesse, Y and Ville, F and Belmonte, J},
  journal={Proceedings of the Institution of Mechanical Engineers, Part J: Journal of Engineering Tribology},
  volume={234},
  number={2},
  pages={172--182},
  year={2020},
  publisher={SAGE Publications Sage UK: London, England}
}
@techreport{ripard2019experimental,
	title={Experimental Investigation of Sliding on Tripod Constant Velocity Joints},
	author={Ripard, Valentin and Ville, Fabrice and Cavoret, J{\'e}r{\^o}me and Ruzek, Michal and Charles, Pierre and Diaby, Moussa},
	year={2019},
	institution={SAE Technical Paper}
}
@article{bossy2019competition,
	title={Competition between surface and subsurface rolling contact fatigue failures of nitrided parts: A Dang Van approach},
	author={Bossy, E and Noyel, JP and Kleber, X and Ville, F and Sidoroff, C and Thibault, S},
	journal={Tribology International},
	volume={140},
	pages={105888},
	year={2019},
	publisher={Elsevier}
}
@article{boni2017experimental,
	title={Experimental investigations on churning power losses generated in a planetary gear set},
	author={Boni, Jean-Baptiste and Neurouth, Adrien and Changenet, Christophe and Ville, Fabrice},
	journal={Journal of Advanced Mechanical Design, Systems, and Manufacturing},
	volume={11},
	number={6},
	pages={JAMDSM0079--JAMDSM0079},
	year={2017},
	publisher={The Japan Society of Mechanical Engineers}
}
@article{vouaillat2019hertzian,
	title={From Hertzian contact to spur gears: analyses of stresses and rolling contact fatigue},
	author={Vouaillat, Guillaume and Noyel, Jean-Philippe and Ville, Fabrice and Kleber, Xavier and Rathery, Sylvain},
	journal={Mechanics \& Industry},
	volume={20},
	number={6},
	pages={626},
	year={2019},
	publisher={EDP Sciences}
}
